<?xml version="1.0" encoding="UTF-8"?><collection xmlns="http://www.loc.gov/MARC21/slim"><record><leader>00395nam--2200121-i-4500</leader><controlfield tag="001">000033696</controlfield><controlfield tag="002">20161230</controlfield><controlfield tag="005">20161230201039</controlfield><controlfield tag="008">060222s1000------------r-----000-0-eng-d</controlfield><datafield ind1=" " ind2=" " tag="100"><subfield code="a">Muller, Eugen</subfield></datafield><datafield ind1=" " ind2=" " tag="245"><subfield code="a">Neuere anschauungen der organischen chemie. organische chemie fur fortgeschrittene. 2-te ganzlich umgearbeitete auflage</subfield></datafield><datafield ind1=" " ind2=" " tag="260"><subfield code="a">Berlin, Springer-verlag, 1957, Xii + 550p</subfield></datafield><datafield ind1=" " ind2=" " tag="852"><subfield code="a">15089</subfield></datafield></record></collection>